@article{Matplotlib,
  author    = {Hunter, J. D.},
  title     = {Matplotlib: A 2D graphics environment},
  journal   = {Computing in Science \& Engineering},
  volume    = {9},
  number    = {3},
  pages     = {90--95},
  abstract  = {Matplotlib is a 2D graphics package used for Python for
               application development, interactive scripting, and publication-quality
               image generation across user interfaces and operating systems.},
  publisher = {IEEE COMPUTER SOC},
  doi       = {10.1109/MCSE.2007.55},
  year      = 2007
}

@book{pump_design,
  title     = {Centrifugal Pumps: Design and Application},
  author    = {Lobanoff, Val S and Ross, Robert R},
  publisher = {Gulf Publishing},
  edition   = 2,
  month     = may,
  year      = 1992,
  address   = {Houston, TX},
  language  = {en}
}

