
@book{wheeler_ganji,
	address = {Upper Saddle River, N.J},
	edition = {3rd ed},
	title = {Introduction to engineering experimentation},
	isbn = {9780131742765},
	publisher = {Pearson Higher Education},
	author = {Wheeler, Anthony J. and Ganji, A. R.},
	year = {2010},
	note = {OCLC: ocn459211853},
	keywords = {Engineering, Experiments, Experimental design},
}
@software{pandas,
  author       = {The pandas development team},
  title        = {pandas-dev/pandas: Pandas},
  month        = feb,
  year         = 2024,
  publisher    = {Zenodo},
  version      = {v2.2.1},
  doi          = {10.5281/zenodo.10697587},
  url          = {https://doi.org/10.5281/zenodo.10697587}
}